<?xml version="1.0" encoding="UTF-8"?><collection><record><leader>06101ntm a2200589 a 4500</leader><controlfield tag="001">006805287</controlfield><controlfield tag="003">MiAaHDL</controlfield><controlfield tag="005">20190719000000.0</controlfield><controlfield tag="006">m        d        </controlfield><controlfield tag="007">cr bn ---auaua</controlfield><controlfield tag="008">090531s1433    xx            00| ||ara d</controlfield><datafield tag="035" ind1=" " ind2=" "><subfield code="a">(MiU)006805287</subfield></datafield><datafield tag="035" ind1=" " ind2=" "><subfield code="a">sdr-miu006805287</subfield></datafield><datafield tag="040" ind1=" " ind2=" "><subfield code="a">MiU</subfield><subfield code="c">MiU</subfield><subfield code="e">amremm</subfield></datafield><datafield tag="043" ind1=" " ind2=" "><subfield code="a">n-us-mi</subfield></datafield><datafield tag="100" ind1="1" ind2=" "><subfield code="6">880-01</subfield><subfield code="a">Ibn Qāḍī Shuhbah, Abū Bakr ibn Aḥmad ibn Muḥammad,</subfield><subfield code="d">1377-1448.</subfield></datafield><datafield tag="240" ind1="1" ind2="0"><subfield code="6">880-02</subfield><subfield code="a">Manāqib al-Imām al-Shāfiʻī</subfield></datafield><datafield tag="245" ind1="1" ind2="0"><subfield code="6">880-03</subfield><subfield code="a">Kitāb Manāqib al-Imām al-Shāfiʻī,</subfield><subfield code="f">[836, i.e. 1433].</subfield></datafield><datafield tag="246" ind1="3" ind2=" "><subfield code="i">Title from close on p.43:</subfield><subfield code="a">مناقب الامام الشافعي</subfield></datafield><datafield tag="260" ind1=" " ind2=" "><subfield code="c">[1433].</subfield></datafield><datafield tag="300" ind1=" " ind2=" "><subfield code="a">22 leaves :</subfield><subfield code="b">paper ;</subfield><subfield code="c">260 x 175 (200 x 130) mm. bound to</subfield></datafield><datafield tag="500" ind1=" " ind2=" "><subfield code="a">Shelfmark: Ann Arbor, University of Michigan, Special Collections Library, Isl. Ms. 601</subfield></datafield><datafield tag="500" ind1=" " ind2=" "><subfield code="a">Origin: As appears in colophon on p.44, copied by Aḥmad ibn ʻAbd al-Raḥīm [?] ibn ʻAbd Allāh ibn Faḍl Allāh al-Jawādī al-Shāfiʻī with transcription completed ("wa-kāna al-farāgh minhu...") 14 Shaʻbān 836 [ca. 5 April 1433].</subfield></datafield><datafield tag="500" ind1=" " ind2=" "><subfield code="a">Accompanying materials: a. Acquisitions slip from Yahuda -- b. Inventory cataloguing slip in hand of Winifred Smeaton Thomas.</subfield></datafield><datafield tag="500" ind1=" " ind2=" "><subfield code="a">Former shelfmark: From recto of opening leaf (p.1) "IL 363" (likely supplied by Yahuda, see acquisitions slip).</subfield></datafield><datafield tag="500" ind1=" " ind2=" "><subfield code="a">Binding: Unbound ; sewing stations evident but no threads remaining ; traces of envelope flap on opening (outermost) leaf ; housed in heavy wrapper for protection.</subfield></datafield><datafield tag="500" ind1=" " ind2=" "><subfield code="a">Support: non-European laid paper with 20 laid lines (horizontal) in 16 mm. and chain lines (vertical) arranged in groups, a set of 4 and two sets of 3 with 7-9 mm. between the chain lines, 36 mm between the set of 4 and first set of 3 and 52 mm between the sets of 3 ; burnished.</subfield></datafield><datafield tag="500" ind1=" " ind2=" "><subfield code="a">Script: Naskh ; Mamlūk-era 'Syrian' or Egyptian hand ; virtually sans serif, with alifs tapering at the bottom, mainly closed counters are mostly closed , somewhat informal but quite readable ; occasionally fully pointed and vocalized (mostly ḥadīth excerpts) and elswehere neither pointed nor vocalized.</subfield></datafield><datafield tag="500" ind1=" " ind2=" "><subfield code="a">Layout: Written in 25 lines per page ; frame-ruled (misṭarah used).</subfield></datafield><datafield tag="500" ind1=" " ind2=" "><subfield code="a">Collation: IV+1 (9), IV+1 (18), II (22) ; catchwords present ; pagination in pencil, Western numerals, supplied during digitization.</subfield></datafield><datafield tag="500" ind1=" " ind2=" "><subfield code="a">Colophon: "Scribal," triangular, reads "وكان الفراغ منه صبيحة يوم السبت رابع عشر شعبان المبارك من شهور سنة ست وثلثين وثمانمائة احسن الله خاتمها ... على يد اضعف خلق الله تعالى واحوجهم الى عفوه وكرمه احمد بن عبد الرحيم بن عبد الله بن فضل الله الجوادي الشافعي ..."</subfield></datafield><datafield tag="500" ind1=" " ind2=" "><subfield code="a">Explicit: "قلت ما تقول في موطا مالك بن انس قال اكتبوه وهذا اخر ماردناه [ما اردناه] من مناقب الامام الشاعفي على ما ذكره الحافظ ابو عبد الله الذهبي وجميع ما ذكره هو وزدنا عليه شئيا يسيرا بالنسبة الى ما ذكر في منافيه والى ما ذكر من محاسنه ومناقبه في التواريخ كتاريخ ابي القاسم بن عساكر وابي بكر الخطيب ... وصلى الله على سيدنا محمد واله واصحابه وعترته اجمعين"</subfield></datafield><datafield tag="500" ind1=" " ind2=" "><subfield code="a">Incipit: "الحمد لله رب العالمين واشهد ان لا اله الا الله الملك الحق المبين ... اما بعد فهذا كتاب اذكر فيه ترجمة الامام ابي عبد الله محمد بن ادريس الشافعي ..."</subfield></datafield><datafield tag="500" ind1=" " ind2=" "><subfield code="a">Title from 'title page' (p.1).</subfield></datafield><datafield tag="500" ind1=" " ind2=" "><subfield code="a">Ms. codex.</subfield></datafield><datafield tag="510" ind1="4" ind2=" "><subfield code="a">University of Michigan Library. Manuscripts &amp; papyri : an exhibition arranged for the XXVII International Congress of Orientalists, Ann Arbor, Michigan, August 13-19, 1967. (Ann Arbor, MI [?], 1967),</subfield><subfield code="c">no.74, p.20</subfield></datafield><datafield tag="510" ind1="4" ind2=" "><subfield code="a">Ḥājjī Khalīfah. Kashf al-ẓunūn,</subfield><subfield code="c">vi 150</subfield></datafield><datafield tag="510" ind1="4" ind2=" "><subfield code="a">Brockelmann, C. GAL,</subfield><subfield code="c">II 51 (no.3)</subfield></datafield><datafield tag="520" ind1="8" ind2=" "><subfield code="a">Fine copy of the biographical work by Abū Bakr ibn Aḥmad ibn Muḥammad ibn ʻUmar ibn Muḥammad ibn Qāḍī Shuhbah al-Shāfiʻī (d.1448) drawn from the work of al-Dhahabī, Ibn ʻAsākir, etc. on the life of al-Imām Abū ʻAbd Allāh Muḥammad ibn Idrīs al-Shāfiʻī (d. 820), the eponym of the Shāfiʻī school (madhhab). Description provided by Noah Gardiner.</subfield></datafield><datafield tag="538" ind1=" " ind2=" "><subfield code="a">Mode of access: Internet.</subfield></datafield><datafield tag="541" ind1=" " ind2=" "><subfield code="a">Acquired in 1926 from the bookseller Isaac Benjamin S.E. Yahuda via purchase transacted on his behalf by Abraham Shalom Yahuda (1877-1951), his younger brother.</subfield></datafield><datafield tag="546" ind1=" " ind2=" "><subfield code="a">Arabic.</subfield></datafield><datafield tag="561" ind1=" " ind2=" "><subfield code="a">Two reading / study notices below colophon on p.44, one in name of ʻĪsá ibn ʻĪsá al-Ṣafatī al-Ḥanafī ( عيسى بن عيسى الصفتي الحنفي ) dated first of Shaʻbān 1130 [ca. 30 June 1718], reads "طالع في هذا الكتاب من اوله الى اخره الفقير عيسى بن عيسى الصفتي الحنفي في اول شعبان سنه ١١٣٠" ; occasional glosses and marginal corrections.</subfield></datafield><datafield tag="600" ind1="1" ind2="0"><subfield code="a">Shāfiʻī, Muḥammad ibn Idrīs,</subfield><subfield code="d">767 or 768-820</subfield><subfield code="v">Biography.</subfield></datafield><datafield tag="650" ind1=" " ind2="0"><subfield code="a">Manuscripts, Arabic</subfield><subfield code="z">Michigan</subfield><subfield code="z">Ann Arbor.</subfield></datafield><datafield tag="650" ind1=" " ind2="0"><subfield code="a">Shafiites</subfield><subfield code="v">Biography</subfield><subfield code="v">Early works to 1800.</subfield></datafield><datafield tag="700" ind1="0" ind2=" "><subfield code="6">880-04</subfield><subfield code="a">Aḥmad ibn ʻAbd al-Raḥīm ibn ʻAbd Allāh ibn Faḍl Allāh al-Jawādī,</subfield><subfield code="d">fl. 1433,</subfield><subfield code="e">scribe.</subfield></datafield><datafield tag="773" ind1="0" ind2=" "><subfield code="a">Yahuda Collection.</subfield></datafield><datafield tag="880" ind1="0" ind2=" "><subfield code="6">700-04/</subfield><subfield code="a">احمد بن عبد الرحيم بن عبد الله بن فضل الله الجوادي,</subfield><subfield code="e">ناسخ.</subfield></datafield><datafield tag="880" ind1="1" ind2="0"><subfield code="6">245-03/</subfield><subfield code="a">كتاب مناقب الامام الشافعي,</subfield><subfield code="f">[836ه، 1433م].</subfield></datafield><datafield tag="880" ind1="1" ind2="0"><subfield code="6">240-02/</subfield><subfield code="a">مناقب الامام الشافعي</subfield></datafield><datafield tag="880" ind1="1" ind2=" "><subfield code="6">100-01/</subfield><subfield code="a">ابن قاضي شهبه، ابو بكر بن احمد بن محمد.</subfield></datafield><datafield tag="CID" ind1=" " ind2=" "><subfield code="a">006805287</subfield></datafield><datafield tag="DAT" ind1="0" ind2=" "><subfield code="a">20190719102637.0</subfield><subfield code="b">20190719000000.0</subfield></datafield><datafield tag="DAT" ind1="1" ind2=" "><subfield code="a">20190719090653.0</subfield><subfield code="b">2019-07-19T16:11:32Z</subfield></datafield><datafield tag="DAT" ind1="2" ind2=" "><subfield code="a">2015-10-02T18:00:03Z</subfield></datafield><datafield tag="CAT" ind1=" " ind2=" "><subfield code="a">SDR-MIU</subfield><subfield code="d">EX LIBRIS - ALEPH</subfield><subfield code="l">prepare.pl-004-008</subfield></datafield><datafield tag="FMT" ind1=" " ind2=" "><subfield code="a">BK</subfield></datafield><datafield tag="HOL" ind1=" " ind2=" "><subfield code="0">sdr-miu006805287</subfield><subfield code="a">MiU</subfield><subfield code="b">SDR</subfield><subfield code="c">MIU</subfield><subfield code="p">mdp.39015079127281</subfield><subfield code="s">MIU</subfield><subfield code="1">006805287</subfield></datafield><datafield tag="974" ind1=" " ind2=" "><subfield code="b">MIU</subfield><subfield code="c">MIU</subfield><subfield code="d">20190719</subfield><subfield code="s">lit-dlps-dc</subfield><subfield code="u">mdp.39015079127281</subfield><subfield code="y">1433</subfield><subfield code="r">pd</subfield><subfield code="q">bib</subfield><subfield code="t">non-US bib date1 &lt; 1879</subfield></datafield></record></collection>